 @misc{Perrinet_2022, title={Elections présidentielles 2022: estimation du transfert de voix}, url={https://laurentperrinet.github.io/sciblog/posts/2022-06-08-transfert-de-voix.html}, abstractNote={tl;dr : On essaie ici de deviner le transfert des voix entre les choix effectués entre deux scrutins d’un vote (ici les élections présidentielles 2022 en France) par une méthode d’apprentissage automa}, journal={Scientific logbook}, author={Perrinet, Laurent}, year={2022}, month=jun, language={en} }
 @article{Résultats_européennes_2024_2024, url={https://www.lemonde.fr/les-decodeurs/article/2024/06/09/europeennes-2024-les-resultats-en-sieges-pays-par-pays-et-la-composition-du-futur-parlement_6238276_4355770.html}, abstractNote={Découvrez le nouveau Parlement européen ainsi que les listes arrivées en tête dans chacun des pays.}, year={2024}, month=jun, language={fr} }
 @misc{Élections_législatives_françaises_de_2024_2024, rights={Creative Commons Attribution-ShareAlike License}, url={https://fr.wikipedia.org/w/index.php?title=%C3%89lections_l%C3%A9gislatives_fran%C3%A7aises_de_2024&oldid=218371077}, abstractNote={Les élections législatives françaises de 2024 ont lieu les 29 et 30 juin pour le premier tour et les 6 et 7 juillet pour le second tour afin d’élire les 577 députés de la XVIIe législature de la Cinquième République.
Initialement prévues pour 2027, les élections sont convoquées de manière anticipée trois ans avant la fin de la législature, à la suite de la dissolution de l’Assemblée nationale par Emmanuel Macron, président de la République, la coalition présidentielle Ensemble ayant été devancée de près de 17 points par le Rassemblement national (RN) aux élections européennes du 9 juin 2024. C’est la sixième dissolution de la Ve République via l’article 12 de la Constitution et la première au cours d’un quinquennat. Sa convocation en cours de mandat l’amène notamment à être comparée aux législatives anticipées de 1997, qui ont marqué une déroute pour le camp présidentiel et ont contraint Jacques Chirac à la cohabitation.
Une très large union de la gauche voit le jour sous le nom de Nouveau Front populaire (NFP), initiée par le député sortant François Ruffin, tandis que le président Les Républicains (LR), Éric Ciotti, annonce une alliance avec le RN, à laquelle refusent de participer la quasi-unanimité des députés LR sortants. Les forces centristes se regroupent autour du parti présidentiel Renaissance sous le nom d’Ensemble pour la République (EPR).
Le premier tour voit le RN arriver pour la première fois en tête d’un premier tour d’élections législatives, cumulant avec ses alliés un résultat inédit de 33 % des suffrages exprimés. Ces résultats leur assurent la victoire dans 38 circonscriptions dès le premier tour et la qualification dans 451 autres. Avec 28 %, le NFP remporte 32 circonscriptions et se qualifie dans 400 autres, devant la coalition présidentielle, en recul de cinq points par rapport à 2022, et LR, à nouveau quatrième, en baisse. L’important bond de la participation génère plus de trois cents triangulaires et cinq quadrangulaires, quatre fois plus que le précédent record historique des élections de 1997. Le front républicain amène dans l’entre-deux-tours à un nombre record de désistements, ramenant le nombre de triangulaires à 89, et au maintien de 2 quadrangulaires. 
L’assemblée élue au soir du second tour est très divisée, et les trois principaux blocs sont très loin de la majorité absolue. Le NFP remporte une majorité relative de sièges, devançant EPR puis le RN, ce dernier obtenant un chiffre bien plus faible que celui attendu par les sondeurs en raison du front républicain appliqué dans l’entre-deux-tours. La droite républicaine arrive quant à elle en quatrième position.
Les élections sont suivies de plusieurs mois de gestion des affaires courantes par le gouvernement sortant, dans l’attente de la nomination d’un nouveau Premier ministre par Emmanuel Macron. Ce dernier, qui temporise dans un premier temps cette nomination à la fin des Jeux olympiques organisés à Paris, refuse fin août de nommer la candidate avancée par le NFP, Lucie Castets. A la suite de nombreuses consultations des différents partis, Michel Barnier est finalement nommé Premier ministre le 5 septembre 2024.}, note={Page Version ID: 218371077}, journal={Wikipédia}, year={2024}, month=sep, language={fr} }
@article{Kullback_Leibler_1951, title={On Information and Sufficiency}, volume={22}, ISSN={0003-4851}, number={1}, journal={The Annals of Mathematical Statistics}, publisher={Institute of Mathematical Statistics}, author={Kullback, S. and Leibler, R. A.}, year={1951}, pages={79–86} }
